<record><leader>00000cas a22000007a 4500</leader><controlfield tag="001">11933325</controlfield><controlfield tag="008">850417d18821926njuwr ne      0    0eng d</controlfield><datafield ind1=" " ind2=" " tag="010"><subfield code="a">sn 85035591 </subfield></datafield><datafield ind1=" " ind2=" " tag="040"><subfield code="a">NPA</subfield><subfield code="b">eng</subfield><subfield code="c">NPA</subfield><subfield code="d">NJW</subfield><subfield code="d">OCLCQ</subfield></datafield><datafield ind1=" " ind2=" " tag="042"><subfield code="a">msc</subfield></datafield><datafield ind1="0" ind2="4" tag="245"><subfield code="a">The Democrat-advertiser.</subfield></datafield><datafield ind1=" " ind2=" " tag="260"><subfield code="a">Flemington, N.J. :</subfield><subfield code="b">John L. Jones,</subfield><subfield code="c">1882-1926.</subfield></datafield><datafield ind1=" " ind2=" " tag="300"><subfield code="a">v. :</subfield><subfield code="b">ill. (chiefly advertisements)</subfield></datafield><datafield ind1=" " ind2=" " tag="310"><subfield code="a">Weekly</subfield></datafield><datafield ind1="0" ind2=" " tag="362"><subfield code="a">Vol. 2, no. 18 (Oct. 7, 1882)-v. 45, no. 45 (Apr. 1, 1926).</subfield></datafield><datafield ind1=" " ind2=" " tag="530"><subfield code="a">Also issued on microfilm by Micro-Graphic Corp., Garfield, N.J. and Norton Micro Images.</subfield></datafield><datafield ind1=" " ind2=" " tag="752"><subfield code="a">United States</subfield><subfield code="b">New Jersey</subfield><subfield code="c">Hunterdon.</subfield></datafield><datafield ind1="0" ind2="0" tag="780"><subfield code="t">Hunterdon advertiser</subfield><subfield code="w">(DLC)sn 85035590</subfield><subfield code="w">(OCoLC)11933320</subfield></datafield><datafield ind1="0" ind2="4" tag="785"><subfield code="t">Hunterdon County Democrat</subfield><subfield code="w">(DLC)sn 78001260</subfield><subfield code="w">(OCoLC)4094634</subfield></datafield></record>